<collection xmlns="http://www.loc.gov/MARC21/slim">
<record>
  <leader>01152nam0a22002171i 450 </leader>
  <controlfield tag="001">IT\ICCU\CNCE\037906</controlfield>
  <controlfield tag="005">20120411000000.0</controlfield>
  <datafield tag="012" ind1=" " ind2=" ">
    <subfield code="a">o.le onj. l-z- omdi (C) 1599 (A)</subfield>
    <subfield code="2">fei</subfield>
  </datafield>
  <datafield tag="100" ind1=" " ind2=" ">
    <subfield code="a">19981023d1599        0itac0103    ba</subfield>
  </datafield>
  <datafield tag="101" ind1=" " ind2=" ">
    <subfield code="a">ITA</subfield>
  </datafield>
  <datafield tag="102" ind1=" " ind2=" ">
    <subfield code="a">IT</subfield>
  </datafield>
  <datafield tag="200" ind1="1" ind2=" ">
    <subfield code="a">Relatione dell&apos;arriuo in Spagna, della Serenissima Regina, Donna Margarita d&apos;Austria col solenne riceuimento fattole dal Cattolico Don Filippo III Re di  Spagna, etc. nella famosissima e illustre citt ̉di Valenza et sponsalitio ... con il numero de&apos;Duchi, Prencipi, Marchesi ... che l&apos;hanno accompagnata ...</subfield>
  </datafield>
  <datafield tag="210" ind1=" " ind2=" ">
    <subfield code="a">Stampata in Milano</subfield>
    <subfield code="d">Modona e Ferrara</subfield>
    <subfield code="c">per il Stampator Camerale et ristampata in Venetia</subfield>
    <subfield code="c">per Lodouico Larducci</subfield>
    <subfield code="d">adi 8 giugno 1599</subfield>
  </datafield>
  <datafield tag="215" ind1=" " ind2=" ">
    <subfield code="a">\4! c.</subfield>
    <subfield code="d">4ʻ</subfield>
  </datafield>
  <datafield tag="620" ind1=" " ind2=" ">
    <subfield code="a">IT</subfield>
    <subfield code="d">Venezia</subfield>
  </datafield>
  <datafield tag="712" ind1="0" ind2="0">
    <subfield code="a">Larduccio, Lodovico</subfield>
    <subfield code="3">IT\ICCU\CNCT\001408</subfield>
    <subfield code="4">650</subfield>
  </datafield>
  <datafield tag="791" ind1="0" ind2="0">
    <subfield code="a">Larducci, Lodovico</subfield>
    <subfield code="3">IT\ICCU\CNCT\004925</subfield>
    <subfield code="z">Larduccio, Lodovico</subfield>
  </datafield>
  <datafield tag="791" ind1="0" ind2="0">
    <subfield code="a">Larduccius, Lodovicus</subfield>
    <subfield code="3">IT\ICCU\CNCT\004927</subfield>
    <subfield code="z">Larduccio, Lodovico</subfield>
  </datafield>
  <datafield tag="801" ind1=" " ind2="3">
    <subfield code="a">IT</subfield>
    <subfield code="b">ICCU</subfield>
    <subfield code="c">20201114</subfield>
  </datafield>
  <datafield tag="899" ind1=" " ind2=" ">
    <subfield code="a">Biblioteca universitaria. Bologna</subfield>
    <subfield code="1">BO0098</subfield>
    <subfield code="2">UBO BU</subfield>
  </datafield>
  <datafield tag="899" ind1=" " ind2=" ">
    <subfield code="a">Biblioteca civica Aprosiana. Ventimiglia</subfield>
    <subfield code="1">IM0038</subfield>
    <subfield code="2">LI3 VM</subfield>
  </datafield>
</record>
</collection>
